<record><leader>00000cas a2200000 a 4500</leader><controlfield tag="001">30598808</controlfield><controlfield tag="007">hd bfu---baat</controlfield><controlfield tag="007">hd afu---bact</controlfield><controlfield tag="008">940613d18uu1901nbuwr nea     0    0eng c</controlfield><datafield ind1=" " ind2=" " tag="010"><subfield code="a">sn 94055285 </subfield></datafield><datafield ind1=" " ind2=" " tag="040"><subfield code="a">NVG</subfield><subfield code="b">eng</subfield><subfield code="c">NVG</subfield><subfield code="d">OCL</subfield><subfield code="d">OCLCQ</subfield><subfield code="d">OCLCF</subfield><subfield code="d">OCLCO</subfield></datafield><datafield ind1="1" ind2=" " tag="029"><subfield code="a">AU@</subfield><subfield code="b">000011126420</subfield></datafield><datafield ind1=" " ind2=" " tag="042"><subfield code="a">pcc</subfield></datafield><datafield ind1=" " ind2=" " tag="043"><subfield code="a">n-us-nb</subfield></datafield><datafield ind1="0" ind2="0" tag="245"><subfield code="a">Hebron Republican</subfield><subfield code="h">[microform].</subfield></datafield><datafield ind1="1" ind2="3" tag="246"><subfield code="a">Republican</subfield></datafield><datafield ind1=" " ind2=" " tag="260"><subfield code="a">Hebron, Neb. :</subfield><subfield code="b">L.T. Calkins</subfield></datafield><datafield ind1=" " ind2=" " tag="300"><subfield code="a">v.</subfield></datafield><datafield ind1=" " ind2=" " tag="310"><subfield code="a">Weekly</subfield></datafield><datafield ind1="1" ind2=" " tag="362"><subfield code="a">Ceased on Feb. 22, 1901.</subfield></datafield><datafield ind1=" " ind2=" " tag="580"><subfield code="a">Merged with: People's champion, to form: Hebron champion.</subfield></datafield><datafield ind1=" " ind2=" " tag="588"><subfield code="a">Description based on: Vol. 6, [no. 1] (Nov. 15, 1895).</subfield></datafield><datafield ind1=" " ind2=" " tag="533"><subfield code="a">Microfilm.</subfield><subfield code="m">Nov. 15,1895-Dec. 28,1900:[Gaps]</subfield><subfield code="b">Lincoln, Neb. :</subfield><subfield code="c">Nebraska State Historical Society,</subfield><subfield code="d">1978.</subfield><subfield code="e">1 microfilm reel : negative ; 35 mm.</subfield></datafield><datafield ind1=" " ind2="0" tag="651"><subfield code="a">Hebron (Neb.)</subfield><subfield code="v">Newspapers.</subfield></datafield><datafield ind1=" " ind2="0" tag="651"><subfield code="a">Thayer County (Neb.)</subfield><subfield code="v">Newspapers.</subfield></datafield><datafield ind1=" " ind2="7" tag="655"><subfield code="a">Newspapers.</subfield><subfield code="2">fast</subfield><subfield code="0">(OCoLC)fst01423814</subfield></datafield><datafield ind1=" " ind2="7" tag="651"><subfield code="a">Nebraska</subfield><subfield code="z">Hebron.</subfield><subfield code="2">fast</subfield><subfield code="0">(OCoLC)fst01235687</subfield></datafield><datafield ind1=" " ind2="7" tag="651"><subfield code="a">Nebraska</subfield><subfield code="z">Thayer County.</subfield><subfield code="2">fast</subfield><subfield code="0">(OCoLC)fst01255512</subfield></datafield><datafield ind1=" " ind2=" " tag="752"><subfield code="a">United States</subfield><subfield code="b">Nebraska</subfield><subfield code="c">Thayer</subfield><subfield code="d">Hebron.</subfield></datafield><datafield ind1="1" ind2="7" tag="785"><subfield code="t">People's champion (Hebron, Neb.)</subfield><subfield code="w">(DLC)sn 94055270</subfield></datafield><datafield ind1="1" ind2="7" tag="785"><subfield code="t">Hebron champion</subfield><subfield code="w">(DLC)sn 94055275</subfield></datafield></record>